@article{paper1,
 author = {Zongheng Yang and Eric Liang and Amog Kamsetty and Chenggang Wu and Yan Duan and Peter Chen and Pieter Abbeel and Joseph M. Hellerstein and Sanjay Krishnan and Ion Stoica},
 title = {Deep Unsupervised Cardinality Estimation},
 journal = {Proc. {VLDB} Endow.},
 volume = {13},
 number = {3},
 pages = {279--292},
 year = {2019},
 url = {http://www.vldb.org/pvldb/vol13/p279-yang.pdf},
 doi = {10.14778/3368289.3368294},
 timestamp = {Tue, 23 Mar 2021 15:33:11 +0100},
 biburl = {https://dblp.org/rec/journals/pvldb/YangLKWDCAHKS19.bib},
 bibsource = {dblp computer science bibliography, https://dblp.org}
}

@article{paper5,
 title={Lightweight graphical models for selectivity estimation without independence assumptions},
 author={Tzoumas, K. and Deshpande, A. and Jensen, C. S.},
 journal={Pvldb},
 volume={4},
 pages={2011},
 year={2011},
}

@article{paper8,
author = {Gunopulos, Dimitrios and Kollios, George and Tsotras, J. and Domeniconi, Carlotta},
title = {Selectivity Estimators for Multidimensional Range Queries over Real Attributes},
year = {2005},
publisher = {Springer-Verlag},
address = {Berlin, Heidelberg},
volume = {14},
number = {2},
issn = {1066-8888},
url = {https://doi.org/10.1007/s00778-003-0090-4},
doi = {10.1007/s00778-003-0090-4},
journal = {The VLDB Journal},
pages = {137–154},
numpages = {18}
}

@article{paper9,
 author = {Benjamin Hilprecht and Andreas Schmidt and Moritz Kulessa and Alejandro Molina and Kristian Kersting and Carsten Binnig},
 title = {DeepDB: Learn from Data, not from Queries!},
 journal = {CoRR},
 volume = {abs/1909.00607},
 year = {2019},
 url = {http://arxiv.org/abs/1909.00607},
 archivePrefix = {arXiv},
 eprint = {1909.00607},
 timestamp = {Fri, 17 Apr 2020 08:46:12 +0200},
 biburl = {https://dblp.org/rec/journals/corr/abs-1909-00607.bib},
 bibsource = {dblp computer science bibliography, https://dblp.org}
}

@article{paper12,
 author = {Ji Sun and
  Guoliang Li},
 title = {An End-to-End Learning-based Cost Estimator},
 journal = {Proc. {VLDB} Endow.},
 volume = {13},
 number = {3},
 pages = {307--319},
 year = {2019},
 url = {http://www.vldb.org/pvldb/vol13/p307-sun.pdf},
 doi = {10.14778/3368289.3368296},
 timestamp = {Tue, 23 Mar 2021 15:33:11 +0100},
 biburl = {https://dblp.org/rec/journals/pvldb/SunL19.bib},
 bibsource = {dblp computer science bibliography, https://dblp.org}
}

@inproceedings{paper13,
author = {Stillger, Michael and Lohman, Guy M. and Markl, Volker and Kandil, Mokhtar},
title = {LEO - DB2's LEarning Optimizer},
year = {2001},
isbn = {1558608044},
publisher = {Morgan Kaufmann Publishers Inc.},
address = {San Francisco, CA, USA},
booktitle = {Proceedings of the 27th International Conference on Very Large Data Bases},
pages = {19–28},
numpages = {10},
series = {VLDB '01}
}

@article{paper14,
 author = {Andreas Kipf and Thomas Kipf and Bernhard Radke and Viktor Leis and Peter A. Boncz and Alfons Kemper},
 title = {Learned Cardinalities: Estimating Correlated Joins with Deep Learning},
 journal = {CoRR},
 volume = {abs/1809.00677},
 year = {2018},
 url = {http://arxiv.org/abs/1809.00677},
 archivePrefix = {arXiv},
 eprint = {1809.00677},
 timestamp = {Fri, 05 Oct 2018 11:34:52 +0200},
 biburl = {https://dblp.org/rec/journals/corr/abs-1809-00677.bib},
 bibsource = {dblp computer science bibliography, https://dblp.org}
}

@inproceedings{paper15,
author = {Heimel, Max and Kiefer, Martin and Markl, Volker},
title = {Self-Tuning, GPU-Accelerated Kernel Density Models for Multidimensional Selectivity Estimation},
year = {2015},
isbn = {9781450327589},
publisher = {Association for Computing Machinery},
address = {New York, NY, USA},
url = {https://doi.org/10.1145/2723372.2749438},
doi = {10.1145/2723372.2749438},
booktitle = {Proceedings of the 2015 ACM SIGMOD International Conference on Management of Data},
pages = {1477–1492},
numpages = {16},
keywords = {gpu-accelerated databases, cardinality estimation, gpgpu, bandwidth selection, selectivity estimation, self-tuning databases, query optimization, opencl, graphics cards, kernel density estimator, gpu-assisted query optimization},
location = {Melbourne, Victoria, Australia},
series = {SIGMOD '15}
}

@misc{paper16,
 title={QuickSel: Quick Selectivity Learning with Mixture Models}, 
 author={Yongjoo Park and Shucheng Zhong and Barzan Mozafari},
 year={2020},
 eprint={1812.10568},
 archivePrefix={arXiv},
 primaryClass={cs.DB}
}

@article{paper17,
author = {Dutt, Anshuman and Wang, Chi and Nazi, Azade and Kandula, Srikanth and Narasayya, Vivek and Chaudhuri, Surajit},
title = {Selectivity Estimation for Range Predicates Using Lightweight Models},
year = {2019},
publisher = {VLDB Endowment},
volume = {12},
number = {9},
issn = {2150-8097},
url = {https://doi.org/10.14778/3329772.3329780},
doi = {10.14778/3329772.3329780},
journal = {Proc. VLDB Endow.},
pages = {1044–1057},
numpages = {14}
}

@article{paper18,
 title={Neo},
 volume={12},
 ISSN={2150-8097},
 url={http://dx.doi.org/10.14778/3342263.3342644},
 DOI={10.14778/3342263.3342644},
 number={11},
 journal={Proceedings of the VLDB Endowment},
 publisher={VLDB Endowment},
 author={Marcus, Ryan and Negi, Parimarjan and Mao, Hongzi and Zhang, Chi and Alizadeh, Mohammad and Kraska, Tim and Papaemmanouil, Olga and Tatbul, Nesime},
 year={2019},
 month={Jul},
 pages={1705-1718}
}

@inproceedings{paper19,
 author = {Viktor Leis and Bernhard Radke and Andrey Gubichev and Alfons Kemper and Thomas Neumann},
 title = {Cardinality Estimation Done Right: Index-Based Join Sampling},
 booktitle = {8th Biennial Conference on Innovative Data Systems Research, {CIDR}
  2017, Chaminade, CA, USA, January 8-11, 2017, Online Proceedings},
 publisher = {www.cidrdb.org},
 year = {2017},
 url = {http://cidrdb.org/cidr2017/papers/p9-leis-cidr17.pdf},
 timestamp = {Tue, 23 Mar 2021 15:36:54 +0100},
 biburl = {https://dblp.org/rec/conf/cidr/LeisRGK017.bib},
 bibsource = {dblp computer science bibliography, https://dblp.org}
}

@misc{paper21,
 title={NeuroCard: One Cardinality Estimator for All Tables}, 
 author={Zongheng Yang and Amog Kamsetty and Sifei Luan and Eric Liang and Yan Duan and Xi Chen and Ion Stoica},
 year={2020},
 eprint={2006.08109},
 archivePrefix={arXiv},
 primaryClass={cs.DB}
}

@inproceedings{paper22,
 author = {Zhuoyue Zhao and Robert Christensen and Feifei Li and Xiao Hu and Ke Yi},
 editor = {Gautam Das and Christopher M. Jermaine and Philip A. Bernstein},
 title = {Random Sampling over Joins Revisited},
 booktitle = {Proceedings of the 2018 International Conference on Management of
  Data, {SIGMOD} Conference 2018, Houston, TX, USA, June 10-15, 2018},
 pages = {1525--1539},
 publisher = {{ACM}},
 year = {2018},
 url = {https://doi.org/10.1145/3183713.3183739},
 doi = {10.1145/3183713.3183739},
 timestamp = {Tue, 21 May 2019 07:19:14 +0200},
 biburl = {https://dblp.org/rec/conf/sigmod/ZhaoC0HY18.bib},
 bibsource = {dblp computer science bibliography, https://dblp.org}
}

@inproceedings{paper23,
 author = {Yu Chen and Ke Yi},
 editor = {Semih Salihoglu and Wenchao Zhou and Rada Chirkova and Jun Yang and Dan Suciu},
 title = {Two-Level Sampling for Join Size Estimation},
 booktitle = {Proceedings of the 2017 {ACM} International Conference on Management
  of Data, {SIGMOD} Conference 2017, Chicago, IL, USA, May 14-19, 2017},
 pages = {759--774},
 publisher = {{ACM}},
 year = {2017},
 url = {https://doi.org/10.1145/3035918.3035921},
 doi = {10.1145/3035918.3035921},
 timestamp = {Tue, 21 May 2019 07:19:14 +0200},
 biburl = {https://dblp.org/rec/conf/sigmod/ChenY17.bib},
 bibsource = {dblp computer science bibliography, https://dblp.org}
}

@inproceedings{Reopt,
author = {Kabra, Navin and DeWitt, David J.},
title = {Efficient Mid-Query Re-Optimization of Sub-Optimal Query Execution Plans},
year = {1998},
isbn = {0897919955},
publisher = {Association for Computing Machinery},
address = {New York, NY, USA},
url = {https://doi.org/10.1145/276304.276315},
doi = {10.1145/276304.276315},
booktitle = {Proceedings of the 1998 ACM SIGMOD International Conference on Management of Data},
pages = {106–117},
numpages = {12},
location = {Seattle, Washington, USA},
series = {SIGMOD '98}
}

@inproceedings{paper25,
author = {Babu, Shivnath and Bizarro, Pedro and DeWitt, David},
title = {Proactive Re-Optimization},
year = {2005},
isbn = {1595930604},
publisher = {Association for Computing Machinery},
address = {New York, NY, USA},
url = {https://doi.org/10.1145/1066157.1066171},
doi = {10.1145/1066157.1066171},
booktitle = {Proceedings of the 2005 ACM SIGMOD International Conference on Management of Data},
pages = {107–118},
numpages = {12},
location = {Baltimore, Maryland},
series = {SIGMOD '05}
}

@inproceedings{MichaelStonebraker,
 author={Perron, Matthew and Shang, Zeyuan and Kraska, Tim and Stonebraker, Michael},
 booktitle={2019 IEEE 35th International Conference on Data Engineering (ICDE)}, 
 title={How I Learned to Stop Worrying and Love Re-optimization}, 
 year={2019},
 volume={},
 number={},
 pages={1758-1761},
 doi={10.1109/ICDE.2019.00191}
}

@inproceedings{paper27,
author = {Selinger, P. Griffiths and Astrahan, M. M. and Chamberlin, D. D. and Lorie, R. A. and Price, T. G.},
title = {Access Path Selection in a Relational Database Management System},
year = {1979},
isbn = {089791001X},
publisher = {Association for Computing Machinery},
address = {New York, NY, USA},
url = {https://doi.org/10.1145/582095.582099},
doi = {10.1145/582095.582099},
booktitle = {Proceedings of the 1979 ACM SIGMOD International Conference on Management of Data},
pages = {23–34},
numpages = {12},
location = {Boston, Massachusetts},
series = {SIGMOD '79}
}

@article{JOB,
author = {Leis, Viktor and Radke, Bernhard and Gubichev, Andrey and Mirchev, Atanas and Boncz, Peter and Kemper, Alfons and Neumann, Thomas},
title = {Query Optimization through the Looking Glass, and What We Found Running the Join Order Benchmark},
year = {2018},
issue_date = {October 2018},
publisher = {Springer-Verlag},
address = {Berlin, Heidelberg},
volume = {27},
number = {5},
issn = {1066-8888},
url = {https://doi.org/10.1007/s00778-017-0480-7},
doi = {10.1007/s00778-017-0480-7},
journal = {The VLDB Journal},
month = oct,
pages = {643–668},
numpages = {26},
keywords = {Cost models, Query optimization, Cardinality estimation, Join ordering}
}

@article{paper29,
 title={Cuttlefish: A lightweight primitive for adaptive query processing},
 author={Kaftan, Tomer and Balazinska, Magdalena and Cheung, Alvin and Gehrke, Johannes},
 journal={arXiv preprint arXiv:1802.09180},
 year={2018}
}

@inproceedings{paper30,
author = {Avnur, Ron and Hellerstein, Joseph},
year = {2000},
month = {06},
pages = {},
title = {Eddies: Continuously Adaptive Query Processing},
volume = {29},
journal = {ACM SIGMOD},
doi = {10.1145/342009.335420}
}

@inproceedings{paper31,
 title={On the Propagation of Errors in the Size of Join Results},
 author={ Ioannidis, Yannis E. and Christodoulakis, Stavros },
 booktitle={Acm Sigmod International Conference on Management of Data},
 pages={268-277},
 year={1991},
}

@book{book1,
 title={Database system concepts},
 author={Silberschatz, Abraham and Korth, Henry F and Sudarshan, Shashank and others},
 volume={4},
 year={1997},
 publisher={McGraw-Hill New York}
}

@misc{manual1,
 author = {MySQL},
 title = {MySQL 8.0 Reference Manual},
 year = {2020}
}

@article{paper32,
 title={The entity-relationship model—toward a unified view of data},
 author={Chen, Peter Pin-Shan},
 journal={ACM transactions on database systems (TODS)},
 volume={1},
 number={1},
 pages={9--36},
 year={1976},
 publisher={Acm New York, NY, USA}
}

@inproceedings{paper33,
 title={Deep learning models for selectivity estimation of multi-attribute queries},
 author={Hasan, Shohedul and Thirumuruganathan, Saravanan and Augustine, Jees and Koudas, Nick and Das, Gautam},
 booktitle={Proceedings of the 2020 ACM SIGMOD International Conference on Management of Data},
 pages={1035--1050},
 year={2020}
}

@article{paper34,
 title={Efficiently approximating selectivity functions using low overhead regression models},
 author={Dutt, Anshuman and Wang, Chi and Narasayya, Vivek and Chaudhuri, Surajit},
 journal={Proceedings of the VLDB Endowment},
 volume={13},
 number={12},
 pages={2215--2228},
 year={2020},
 publisher={VLDB Endowment}
}

@inproceedings{paper36,
 title={Estimating cardinalities with deep sketches},
 author={Kipf, Andreas and Vorona, Dimitri and M{\"u}ller, Jonas and Kipf, Thomas and Radke, Bernhard and Leis, Viktor and Boncz, Peter and Neumann, Thomas and Kemper, Alfons},
 booktitle={Proceedings of the 2019 International Conference on Management of Data},
 pages={1937--1940},
 year={2019}
}

@inproceedings{paper37,
 title={Learning state representations for query optimization with deep reinforcement learning},
 author={Ortiz, Jennifer and Balazinska, Magdalena and Gehrke, Johannes and Keerthi, S Sathiya},
 booktitle={Proceedings of the Second Workshop on Data Management for End-To-End Machine Learning},
 pages={1--4},
 year={2018}
}

@inproceedings{Pop,
 author = {Markl, Volker and Raman, Vijayshankar and Simmen, David and Lohman, Guy and Pirahesh, Hamid and Cilimdzic, Miso},
 title = {Robust Query Processing through Progressive Optimization},
 year = {2004},
 isbn = {1581138598},
 publisher = {Association for Computing Machinery},
 address = {New York, NY, USA},
 url = {https://doi.org/10.1145/1007568.1007642},
 doi = {10.1145/1007568.1007642},
 booktitle = {Proceedings of the 2004 ACM SIGMOD International Conference on Management of Data},
 pages = {659–670},
 numpages = {12},
 location = {Paris, France},
 series = {SIGMOD '04}
}

@inproceedings{paper39,
 title={Dynamic query re-optimization},
 author={Ng, Kenneth W and Wang, Zhenghao and Muntz, Richard R and Nittel, Silvia},
 booktitle={Proceedings. Eleventh International Conference on Scientific and Statistical Database Management},
 pages={264--273},
 year={1999},
 organization={IEEE}
}

@inproceedings{SampleReopt,
 title={Sampling-based query re-optimization},
 author={Wu, Wentao and Naughton, Jeffrey F and Singh, Harneet},
 booktitle={Proceedings of the 2016 International Conference on Management of Data},
 pages={1721--1736},
 year={2016}
}

@inproceedings{paper42,
 title={Optimization of dynamic query evaluation plans},
 author={Cole, Richard L and Graefe, Goetz},
 booktitle={Proceedings of the 1994 ACM SIGMOD international conference on Management of data},
 pages={150--160},
 year={1994}
}

@inproceedings{paper43,
 title={Dynamic query evaluation plans},
 author={Graefe, Goetz and Ward, Karen},
 booktitle={Proceedings of the 1989 ACM SIGMOD international conference on Management of data},
 pages={358--366},
 year={1989}
}


@article{paper44,
 title={Parametric query optimization},
 author={Ioannidis, Yannis E and Ng, Raymond T and Shim, Kyuseok and Sellis, Timos K},
 journal={The VLDB Journal},
 volume={6},
 number={2},
 pages={132--151},
 year={1997},
}

@article{paper46,
  title={Decomposition—a strategy for query processing},
  author={Wong, Eugene and Youssefi, Karel},
  journal={ACM Transactions on Database Systems (TODS)},
  volume={1},
  number={3},
  pages={223--241},
  year={1976},
  publisher={ACM New York, NY, USA}
}

@inproceedings{paper47,
  title={Adaptive query processing in the looking glass},
  author={Babu, Shivnath and Bizarro, Pedro},
  booktitle={Proceedings of the Second Biennial Conference on Innovative Data Systems Research (CIDR), Jan. 2005},
  year={2005}
}

@inproceedings{paper49,
  title={NiagaraCQ: A scalable continuous query system for internet databases},
  author={Chen, Jianjun and DeWitt, David J and Tian, Feng and Wang, Yuan},
  booktitle={Proceedings of the 2000 ACM SIGMOD international conference on Management of data},
  pages={379--390},
  year={2000}
}

@inproceedings{paper50,
  title={Dynamic plan migration for continuous queries over data streams},
  author={Zhu, Yali and Rundensteiner, Elke A and Heineman, George T},
  booktitle={Proceedings of the 2004 ACM SIGMOD international conference on Management of data},
  pages={431--442},
  year={2004}
}

@inproceedings{paper51,
  title={StreaMon: an adaptive engine for stream query processing},
  author={Babu, Shivnath and Widom, Jennifer},
  booktitle={Proceedings of the 2004 ACM SIGMOD international conference on Management of data},
  pages={931--932},
  year={2004}
}

@article{paper53,
  title={Preventing bad plans by bounding the impact of cardinality estimation errors},
  author={Moerkotte, Guido and Neumann, Thomas and Steidl, Gabriele},
  journal={Proceedings of the VLDB Endowment},
  volume={2},
  number={1},
  pages={982--993},
  year={2009},
  publisher={VLDB Endowment}
}

@misc{manual2,
  title={Additional Supplied Modules},
  author={Documentation, PostgreSQL},
  year={2021}
}

@book{book2,
  title={Algorithm design and applications},
  author={Goodrich, Michael T and Tamassia, Roberto},
  year={2015},
  publisher={Wiley Hoboken}
}

@article{paper55,
  title={Sketches for size of join estimation},
  author={Rusu, Florin and Dobra, Alin},
  journal={ACM Transactions on Database Systems (TODS)},
  volume={33},
  number={3},
  pages={1--46},
  year={2008},
  publisher={ACM New York, NY, USA}
}

@inproceedings{PessimisticCE,
  title={Pessimistic cardinality estimation: Tighter upper bounds for intermediate join cardinalities},
  author={Cai, Walter and Balazinska, Magdalena and Suciu, Dan},
  booktitle={Proceedings of the 2019 International Conference on Management of Data},
  pages={18--35},
  year={2019}
}

@book{paper57,
  title={Adaptive query processing},
  author={Deshpande, Amol and Ives, Zachary and Raman, Vijayshankar},
  year={2007},
  publisher={Now Publishers Inc}
}

@article{QIE,
  title={Taking the edge off cardinality estimation errors using incremental execution},
  author={Neumann, Thomas and Galindo-Legaria, Cesar},
  journal={Datenbanksysteme f{\"u}r Business, Technologie und Web (BTW) 2019},
  year={2013},
  publisher={Gesellschaft f{\"u}r Informatik eV}
}

@article{MLCE,
  title={Are we ready for learned cardinality estimation?},
  author={Wang, Xiaoying and Qu, Changbo and Wu, Weiyuan and Wang, Jiannan and Zhou, Qingqing},
  journal={arXiv preprint arXiv:2012.06743},
  year={2020}
}

@inproceedings{USE,
  title={Simplicity Done Right for Join Ordering.},
  author={Hertzschuch, Axel and Hartmann, Claudio and Habich, Dirk and Lehner, Wolfgang},
  booktitle={CIDR},
  year={2021}
}